<?xml version="1.0" encoding="UTF-8"?><collection xmlns="http://www.loc.gov/MARC21/slim"><record><leader>00533nam--2200193-i-4500</leader><controlfield tag="001">000000228</controlfield><controlfield tag="002">20161230</controlfield><controlfield tag="005">20161230201023</controlfield><controlfield tag="008">060222s1000------------r-----000-0-fre-d</controlfield><datafield ind1=" " ind2=" " tag="040"><subfield code="a">IFIN-HH</subfield></datafield><datafield ind1=" " ind2=" " tag="041"><subfield code="a">fre</subfield></datafield><datafield ind1=" " ind2=" " tag="080"><subfield code="a">519.283:338:658.15</subfield></datafield><datafield ind1="1" ind2=" " tag="100"><subfield code="a">Frisch, Ragnar</subfield></datafield><datafield ind1="1" ind2="0" tag="245"><subfield code="a">Maxima et minima. theorie et applications economiques</subfield><subfield code="c">Ragnar frisch</subfield></datafield><datafield ind1=" " ind2=" " tag="260"><subfield code="a">Paris</subfield><subfield code="b">Dunod</subfield><subfield code="c">/F.An</subfield></datafield><datafield ind1=" " ind2=" " tag="300"><subfield code="a">XII + 173 P</subfield></datafield><datafield ind1=" " ind2=" " tag="490"><subfield code="a">Finance Et Economie Appliquee</subfield><subfield code="v">Volume 8</subfield></datafield><datafield ind1=" " ind2=" " tag="852"><subfield code="a">20840</subfield><subfield code="c">519.283</subfield></datafield><datafield ind1=" " ind2=" " tag="CAT"><subfield code="a">Sys</subfield><subfield code="c">20150112</subfield><subfield code="h">171816</subfield></datafield></record></collection>